    @MISC{JG,
      author =       "Wikipedia",
      url =          "https://cs.wikipedia.org/wiki/Johannes\_Gutenberg",
      title =        "Johannes Gutenberg",
      howpublished = "online",
      revised =      "Naposledy editována 30. března 2022",
      cited =        "2022-04-05"
    }
    
    @MISC{knihtisk,
      author =       "Wikipedia",
      url =          "https://cs.wikipedia.org/wiki/Knihtisk",
      title =        "Knihtisk",
      howpublished = "online",
      revised =      "Naposledy editována 8. srpna 2021",
      cited =        "2022-04-06"
    }
    
    @MISC{Tisk_lis,
      author =       "Wikipedia",
      url =          "https://cs.wikipedia.org/wiki/Tiska\%C5\%99sk\%C3\%BD\_lis",
      title =        "Tiskařský lis",
      howpublished = "online",
      revised =      "Naposledy editována 8. března 2022",
      cited =        "2022-04-05"
    }
    
    @MISC{Sazec,
      author =       "Encyklopedieknihy",
      url =          "https://www.encyklopedieknihy.cz/index.php/Saze\%C4\%8Dsk\%C3\%A1\_kasa",
      title =        "Sazečská kasa",
      howpublished = "online",
      cited =        "2022-04-05"
    }
    
    @BOOK{Voit,
      author =       "Petr Voit",
      title =        "Knihtisk 15. a 16. století",
      publisher =    "Ústav informačních studií a knihovnictví",
      year =         "2008",
      edition =      "1.0",
      address =      "Praha",
      pages =        "s. 5"
    }
    
    @BOOK{eng,
      author =       "Pedro Amado, Ana Catarina Silva, Vítor Quelhas",
      title =        "Post-Digital Letterpress Printing",
      publisher =    "Routledge",
      year =         "2022",
      address =      "New York",
      pages =        "s. 9"
    }
    
    @MASTERSTHESIS{MM,
      author =       "Marek Menšík",
      type =         "Bakalářská práce",
      school =       "Západočeská univerzita v Plzni, Fakulta filozofická",
      title =        "Plzeňský knihtisk v 15. a v první polovině 16. století",
      year =         "2016",
      location =     "Plzeň, CZ",
      language =     "czech",
    }
    
    @MASTERSTHESIS{IF,
      author =       "Ivana Filoušová",
      type =         "Bakalářská práce",
      school =       "Masarykova Univerzita, Fakulta filozofická",
      title =        "Počátky knihtisku na Moravě",
      year =         "2009",
      location =     "Brno, CZ",
      language =     "czech",
    }
    
    @ARTICLE{history,
      title =        "History of the Letterpress",
      author =       "Kyle Hawley",
      journal =      "LetterpressPLAY",
      year =         "2020",
    }
    
    @ARTICLE{rep,
      title =        "Letterpress Reproduction: Information Visualization Design ",
      author =       "Li AnDong, Fang JianJun",
      journal =      "E3S Web of Conferences",
      year =         "2021",
    }